<record><leader>00000cas a22000007a 4500</leader><controlfield tag="001">11936084</controlfield><controlfield tag="008">850418d18751885wiudn ne      0    0eng d</controlfield><datafield ind1=" " ind2=" " tag="010"><subfield code="a">sn 85040535 </subfield></datafield><datafield ind1=" " ind2=" " tag="040"><subfield code="a">NPV</subfield><subfield code="b">eng</subfield><subfield code="c">NPV</subfield><subfield code="d">NPX</subfield><subfield code="d">OCLCQ</subfield></datafield><datafield ind1=" " ind2=" " tag="042"><subfield code="a">msc</subfield></datafield><datafield ind1=" " ind2=" " tag="043"><subfield code="a">n-us-wi</subfield></datafield><datafield ind1=" " ind2=" " tag="045"><subfield code="a">w7w8</subfield></datafield><datafield ind1=" " ind2=" " tag="052"><subfield code="a">4123</subfield><subfield code="b">F6</subfield></datafield><datafield ind1="0" ind2=" " tag="130"><subfield code="a">Fond du Lac daily commonwealth (Fond du Lac, Wis. : 1875)</subfield></datafield><datafield ind1="1" ind2="4" tag="245"><subfield code="a">The Fond du Lac daily commonwealth.</subfield></datafield><datafield ind1=" " ind2=" " tag="260"><subfield code="a">Fond du Lac, Wis. :</subfield><subfield code="b">Watrous &amp; Kutchin,</subfield><subfield code="c">1875-</subfield></datafield><datafield ind1=" " ind2=" " tag="300"><subfield code="a">v. :</subfield><subfield code="b">ill. (chiefly advertisements)</subfield></datafield><datafield ind1=" " ind2=" " tag="310"><subfield code="a">Daily (except Sun.)</subfield></datafield><datafield ind1="0" ind2=" " tag="362"><subfield code="a">Vol. 1, no. 79 (Nov. 26, 1875)-</subfield></datafield><datafield ind1="1" ind2=" " tag="362"><subfield code="a">Ceased in 1885.</subfield></datafield><datafield ind1=" " ind2=" " tag="500"><subfield code="a">Editor: Watrous &amp; Kutchin, Nov. 1875-Mar. 27, 1876.--H.M. Kutchin, Mar. 28, 1876-Nov. 15, 1879.--H.M. Kutchin, C.D. Elliott, Nov. 17, 1879-Feb. 18, 1882.--H.M. Kutchin, Feb. 20, 1882-</subfield></datafield><datafield ind1=" " ind2=" " tag="580"><subfield code="a">Also published in weekly ed. with title: Fond du Lac commonwealth.</subfield></datafield><datafield ind1=" " ind2=" " tag="752"><subfield code="a">United States</subfield><subfield code="b">Wisconsin</subfield><subfield code="c">Fond du Lac</subfield><subfield code="d">Fond du Lac.</subfield></datafield><datafield ind1="1" ind2=" " tag="775"><subfield code="t">Fond du Lac commonwealth</subfield><subfield code="w">(DLC)sn 85040528</subfield></datafield><datafield ind1="0" ind2="0" tag="780"><subfield code="t">Daily commonwealth (Fond du Lac, Wis. : 187u)</subfield><subfield code="w">(DLC)sn 85033036</subfield></datafield><datafield ind1="0" ind2="0" tag="785"><subfield code="t">Daily commonwealth (Fond du Lac, Wis. : 1885)</subfield><subfield code="w">(DLC)sn 85040536</subfield></datafield><datafield ind1="1" ind2=" " tag="029"><subfield code="a">AU@</subfield><subfield code="b">000025802243</subfield></datafield></record>